% This file was created with JabRef 2.7.2.
% Encoding: ISO8859_1

@INCOLLECTION{Austin1961,
  author = {J. L. Austin},
  title = {Truth},
  year = {1961},
  crossref = {UrmsonWarnock1961},
  timestamp = {2011.11.25}
}

@INPROCEEDINGS{BreitholtzCooper2011,
  author = {Ellen Breitholtz and Robin Cooper},
  title = {Enthymemes as Rhetorical Resources},
  year = {2011},
  crossref = {ArtsteinCoreDeVaultGeorgilaKaiserStent2011},
  timestamp = {2011.10.30}
}

@INPROCEEDINGS{CooperGinzburg2011,
  author = {Robin Cooper and Jonathan Ginzburg},
  title = {Negation in Dialogue},
  year = {2011},
  crossref = {ArtsteinCoreDeVaultGeorgilaKaiserStent2011},
  timestamp = {2011.11.03}
}

@INPROCEEDINGS{Luo2011,
  author = {Zhaohui Luo},
  title = {{Contextual Analysis of Word Meanings in Type-Theoretical Semantics}},
  year = {2011},
  pages = {159--174},
  crossref = {PogodallaProst2011},
  timestamp = {2011.10.01}
}

@INCOLLECTION{Montague1973,
  author = {Richard Montague},
  title = {{The Proper Treatment of Quantification in Ordinary English}},
  year = {1973},
  pages = {247--270},
  crossref = {HintikkaMoravcsikSuppes1973},
  timestamp = {2010.04.05}
}

@INCOLLECTION{RoelofsenGool2010,
  author = {Roelofsen, F. and van Gool, S.},
  title = {Disjunctive questions, intonation, and highlighting},
  year = {2010},
  pages = {384--394},
  __markedentry = {[cooper:6]},
  crossref = {AloniBastiaanseJagerSchulz2010},
  timestamp = {2012.02.25}
}

@BOOK{bp83,
  title = {Situations and Attitudes},
  publisher = {MIT Press},
  year = {1983},
  author = {Jon Barwise and John Perry},
  series = {Bradford Books},
  address = {Cambridge}
}

@UNPUBLISHED{BrasoveanuFarkasRoelofsenms,
  author = {Brasoveanu, A. and Farkas, D. and Roelofsen, F.},
  title = {Polarity particles and the anatomy of n-words},
  note = {{In Sinn und Bedeutung,2011}},
  year = {ms},
  __markedentry = {[cooper:]},
  timestamp = {2012.02.25}
}

@INPROCEEDINGS{Breitholtz2010,
  author = {Breitholtz, Ellen},
  title = {Clarification Requests as Enthymeme Elicitors},
  booktitle = {Aspects of Semantics and Pragmatics of Dialogue. SemDial 2010, 14th
	Workshop on the Semantics and Pragmatics of Dialogue ,},
  year = {2010},
  owner = {ellen},
  timestamp = {2011.05.30}
}

@ARTICLE{acohen99,
  author = {Ariel Cohen},
  title = {How are alternatives computed?},
  journal = {Journal of Semantics},
  year = {1999},
  volume = {16},
  pages = {43},
  number = {1},
  issn = {0167-5133},
  publisher = {Oxford University Press}
}

@INCOLLECTION{cooper-iollc,
  author = {Robin Cooper},
  title = {Information States, Attitudes and Dependent Record Types},
  booktitle = {Logic, Language and Computation, Volume 3},
  publisher = {CSLI Publications},
  year = {1996},
  editor = {Lawrence Cavedon and Patrick Blackburn and Nick Braisby and Atsushi
	Shimojima},
  pages = {85--106},
  address = {Stanford}
}

@INCOLLECTION{cooper98,
  author = {Robin Cooper},
  title = {{Austinian propositions, Davidsonian events and perception complements}},
  booktitle = {The Tbilisi Symposium on Logic, Language, and Computation: Selected
	Papers },
  publisher = {CSLI Publications},
  year = {1998},
  editor = {Jonathan Ginzburg and Zurab Khasidashvili and Jean Jacques Levy and
	Carl Vogel and Enric Vallduvi},
  pages = {19--34}
}

@INCOLLECTION{cooper-ddl,
  author = {Robin Cooper},
  title = {Type Theory and Semantics in Flux},
  booktitle = {Handbook of the Philosophy of Science},
  publisher = {Elsevier},
  year = {2012},
  editor = {Ruth Kempson and Nicholas Asher and Tim Fernando},
  volume = {14: Philosophy of Linguistics },
  address = {Amsterdam}
}

@ARTICLE{Cooper2005,
  author = {Robin Cooper},
  title = {Records and Record Types in Semantic Theory},
  journal = {Journal of Logic and Computation},
  year = {2005},
  volume = {15},
  pages = {99--112},
  number = {2},
  timestamp = {2007.11.26}
}

@ARTICLE{Cooper2005a,
  author = {Robin Cooper},
  title = {Austinian truth, attitudes and type theory},
  journal = {Research on Language and Computation},
  year = {2005},
  volume = {3},
  pages = {333--362},
  timestamp = {2007.11.26}
}

@UNPUBLISHED{FarkasRoelofsenms,
  author = {Donka Farkas and Floris Roelofsen},
  title = {Polarity particles in an inquisitive discourse model},
  note = {{Manuscript, University of California at Santa Cruz and ILLC, University
	of Amsterdam}},
  year = {ms},
  timestamp = {2012.02.24}
}

@ARTICLE{Fillmore1985,
  author = {Fillmore, Charles J.},
  title = {Frames and the semantics of understanding},
  journal = {Quaderni di Semantica},
  year = {1985},
  volume = {6},
  pages = {222--254},
  number = {2},
  timestamp = {2009.08.25}
}

@INPROCEEDINGS{ginzburg-poznan,
  author = {Jonathan Ginzburg},
  title = {Relevance for Dialogue},
  booktitle = {Aspects of Semantics and Pragmatics of Dialogue. SemDial 2010, 14th
	Workshop on the Semantics and Pragmatics of Dialogue},
  year = {2010},
  editor = {Pawe\l{} \L{}upkowski and Matthew Purver},
  address = {Pozna\'{n}},
  publisher = {Polish Society for Cognitive Science},
  note = {ISBN 978-83-930915-0-8}
}

@BOOK{ginzburg-buke,
  title = {The Interactive Stance: Meaning for Conversation},
  publisher = {Oxford University Press},
  year = {2012},
  author = {Jonathan Ginzburg},
  address = {Oxford}
}

@INPROCEEDINGS{ginzburg-nlphandbook,
  author = {Jonathan Ginzburg and Raquel Fern\'andez},
  title = {Computational Models of Dialogue},
  booktitle = {Handbook of Computational Linguistics and Natural Language },
  year = {2010},
  editor = {Alex Clark and Chris Fox and Shalom Lappin},
  address = {Oxford},
  publisher = {Blackwell}
}

@BOOK{gs00,
  title = {Interrogative Investigations: the form, meaning and use of English
	Interrogatives},
  publisher = {CSLI Publications},
  year = {2000},
  author = {Jonathan Ginzburg and Ivan A. Sag},
  number = {123},
  series = {CSLI Lecture Notes},
  address = {Stanford: California}
}

@UNPUBLISHED{GroenendijkRoelofsen2009,
  author = {Jeroen Groenendijk and Floris Roelofsen},
  title = {{Inquisitive Semantics and Pragmatics}},
  note = {{Presented at the Stanford workshop on Language, Communication and
	Rational Agency, May 30-31, 2009 }},
  year = {2009}
}

@INCOLLECTION{gs97,
  author = {Jeroen Groenendijk and Martin Stokhof},
  title = {Questions},
  booktitle = {Handbook of Logic and Linguistics},
  publisher = {North Holland},
  year = {1997},
  editor = {Johan van Benthem and Alice ter Meulen},
  address = {Amsterdam}
}

@INCOLLECTION{hamblin73,
  author = {C. L. Hamblin},
  title = {Questions in Montague English},
  booktitle = {Montague Grammar},
  publisher = {Academic Press},
  year = {1973},
  editor = {Barbara Partee},
  address = {New York}
}

@MISC{higginbotham94,
  author = {James Higginbotham},
  title = {The Semantics and Syntax of Event Reference},
  year = {1994},
  address = {Copenhagen Business School},
  journal = {ESSLLI Course Notes }
}

@ARTICLE{higginbotham83,
  author = {James Higginbotham},
  title = {The Logic of Perceptual Reports: An Extensional Alternative to Situation
	Semantics},
  journal = {Journal of Philosophy},
  year = {1983},
  volume = {80},
  pages = {100--127},
  number = {2}
}

@INCOLLECTION{hoepelmann83,
  author = {Jacob Hoepelmann},
  title = {On Questions},
  booktitle = {Questions and Answers},
  publisher = {Reidel},
  year = {1983},
  editor = {Ferenc Kiefer}
}

@BOOK{horn89,
  title = {A Natural History of Negation},
  publisher = {University of Chicago Press},
  year = {1989},
  author = {Laurence Horn},
  address = {Chicago}
}

@BOOK{Johnson-Laird1983,
  title = {{Mental Models}},
  publisher = {Harvard University Press},
  year = {1983},
  author = {Philip N. Johnson-Laird},
  timestamp = {2011.08.20}
}

@BOOK{KampReyle1993,
  title = {From Discourse to Logic},
  publisher = {Kluwer},
  year = {1993},
  author = {Kamp, Hans and Uwe Reyle},
  address = {Dordrecht},
  timestamp = {2008.04.07}
}

@ARTICLE{kartt77,
  author = {Lauri Karttunen},
  title = {Syntax and Semantics of Questions},
  journal = {Linguistics and Philosophy},
  year = {1977},
  volume = {1},
  pages = {3-44}
}

@ARTICLE{kaup2006rev,
  author = { Barbara Kaup},
  title = {What psycholinguistic negation research tells us about the nature
	of the working memory representations utilized in language comprehension},
  journal = {Trends in Linguistics Studies and Monographs},
  year = {2006},
  volume = {173},
  pages = {313--350},
  publisher = {Mouton de Gruyter}
}

@INPROCEEDINGS{ladd-npi,
  author = {Ladd, Robert},
  title = {A first look at the semantics and pragmatics of negative questions
	
	and tag questions},
  booktitle = {Papers from the 17th Regional Meeting of the Chicago Linguistics
	
	Society},
  year = {1981},
  pages = {164--171}
}

@INPROCEEDINGS{Luo2010,
  author = {Luo, Z.},
  title = {{Type-theoretical semantics with coercive subtyping}},
  booktitle = {Proceedings of SALT 20},
  year = {2010},
  pages = {38--56},
  timestamp = {2011.04.05}
}

@BOOK{Martin-Lof1984,
  title = {Intuitionistic Type Theory},
  publisher = {Bibliopolis},
  year = {1984},
  author = {Martin-L\"of, Per},
  address = {Naples},
  timestamp = {2008.06.19}
}

@BOOK{Montague1974,
  title = {Formal Philosophy: Selected Papers of Richard Montague},
  publisher = {Yale University Press},
  year = {1974},
  author = {Montague, Richard},
  address = {New Haven},
  note = {ed. and with an introduction by Richmond H. Thomason},
  comment = {Chap. 8 - PTQ},
  timestamp = {2008.04.07}
}

@BOOK{NordstromPeterssonSmith1990,
  title = {Programming in Martin-L\"of's Type Theory},
  publisher = {Clarendon Press},
  year = {1990},
  author = {Nordstr\"om, Bengt and Petersson, Kent and Smith, Jan M.},
  volume = {7},
  series = {International Series of Monographs on Computer Science},
  address = {Oxford},
  timestamp = {2009.08.12}
}

@PHDTHESIS{pitts-diss,
  author = {Aly Pitts},
  title = {Metamessages of denial: the pragmatics of English negation },
  school = {Cambridge University},
  year = {2009}
}

@TECHREPORT{purver-score,
  author = {Matthew Purver},
  title = {{SCoRE: A Tool for Searching the BNC}},
  institution = {King's College, London},
  year = {2001},
  number = { TR-01-07}
}

@BOOK{Ranta1994,
  title = {Type-Theoretical Grammar},
  publisher = {Clarendon Press},
  year = {1994},
  author = {Ranta, Aarne},
  address = {Oxford},
  timestamp = {2008.04.07}
}

@ARTICLE{reese06,
  author = {Reese, B.J.},
  title = {The meaning and use of negative polar interrogatives},
  journal = {Empirical Issues in Syntax and Semantics},
  year = {2006},
  volume = {6},
  pages = {331--354}
}

@INCOLLECTION{sm97,
  author = {Jerry Seligman and Larry Moss},
  title = {Situation {Theory}},
  booktitle = {Handbook of Logic and Linguistics},
  publisher = {North Holland},
  year = {1997},
  editor = {Johan van Benthem and Alice ter Meulen},
  address = {Amsterdam}
}

@BOOK{shoesmith-smiley,
  title = {Multiple-conclusion logic},
  publisher = {Cambridge University Press},
  year = {1978},
  author = {D.J. Shoesmith and T.J. Smiley}
}

@ARTICLE{tian10,
  author = { Ye Tian and Richard Breheny and Heather Ferguson},
  title = { Why We Simulate Negated Information: A Dynamic Pragmatic Account},
  journal = {The Quarterly Journal of Experimental Psychology},
  year = {2010},
  volume = {63},
  pages = {2305--2312},
  number = {12},
  publisher = {Psychology Press}
}

@ARTICLE{wisniewski-syn03,
  author = {Andrzej Wi{\'{s}}niewski},
  title = {Erotetic Search Scenarios},
  journal = {Synthese},
  year = {2003},
  volume = {134},
  pages = {389--427}
}

@ARTICLE{wisniewski-la,
  author = {Andrzej Wi{\'{s}}niewski},
  title = {Questions and Inferences},
  journal = {Logique et Analyse},
  year = {2001},
  volume = {173},
  pages = {5--43}
}

@BOOK{AloniBastiaanseJagerSchulz2010,
  title = {{Logic, Language, and Meaning: Selected Papers from the Seventeenth
	Amsterdam Colloquium}},
  publisher = {Springer},
  year = {2010},
  editor = {M. Aloni and H. Bastiaanse and T. de Jager and K. Schulz},
  booktitle = {Logic, Language, and Meaning: Selected Papers from the Seventeenth
	Amsterdam Colloquium},
  __markedentry = {[cooper:6]},
  timestamp = {2012.02.25}
}

@PROCEEDINGS{ArtsteinCoreDeVaultGeorgilaKaiserStent2011,
  title = {{SemDial 2011 (Los Angelogue): Proceedings of the 15th Workshop on
	the Semantics and Pragmatics of Dialogue}},
  year = {2011},
  editor = {Ron Artstein and Mark Core and David DeVault and Kallirroi Georgila
	and Elsi Kaiser and Amanda Stent},
  booktitle = {{SemDial 2011 (Los Angelogue): Proceedings of the 15th Workshop on
	the Semantics and Pragmatics of Dialogue}}
}

@BOOK{HintikkaMoravcsikSuppes1973,
  title = {{Approaches to Natural Language: Proceedings of the 1970 Stanford
	Workshop on Grammar and Semantics}},
  publisher = {D. Reidel Publishing Company},
  year = {1973},
  editor = {Jaakko Hintikka and Julius Moravcsik and Patrick Suppes},
  address = {Dordrecht},
  booktitle = {{Approaches to Natural Language: Proceedings of the 1970 Stanford
	Workshop on Grammar and Semantics}},
  timestamp = {2010.04.05}
}

@PROCEEDINGS{PogodallaProst2011,
  title = {{Logical Aspects of Computational Linguistics: 6th International
	Conference, LACL 2011}},
  year = {2011},
  editor = {Sylvain Pogodalla and Jean-Philippe Prost},
  publisher = {Springer},
  booktitle = {{Logical Aspects of Computational Linguistics: 6th International
	Conference, LACL 2011}},
  timestamp = {2011.10.01}
}

@BOOK{UrmsonWarnock1961,
  title = {{J. L. Austin: Philosophical Papers}},
  publisher = {Oxford University Press},
  year = {1961},
  editor = {J. O. Urmson and G. J. Warnock},
  address = {Oxford},
  booktitle = {{J. L. Austin: Philosophical Papers}},
  timestamp = {2011.11.25}
}

@comment{jabref-meta: selector_publisher:}

@comment{jabref-meta: selector_author:}

@comment{jabref-meta: selector_journal:}

@comment{jabref-meta: selector_keywords:}

